@book{1,
    title={SIR - Modell durch eine neue Dichte unterstützt: Handlungsdokument für ein angepasstes COVID – Management},
    author={Marcus Hellwig},
    year={2022},
		location={Wiesbaden},
    publisher={Springer Vieweg},
}

@book{2,
    title={Infektionsepidemiologie: Methoden, moderne Surveillance, mathematische Modelle, Global Public Health},
    author={Alexander Kraemer},
    year={2003},
		location={Berlin},
    publisher={Springer},
		pages={81-91}
}

@book{3,
    title={Exploring Susceptible-Infectious-Recovered (SIR) Model for Covid-19 Investigation},
    author={Rahul Saxena und Mahipal Jadeja und Vikrant Bhateja},
    year={2022},
		location={Lucknow},
    publisher={Springer}
}

@book{4,
    title={The SIR model of an epidemic},
    author={William G. Faris},
    year={2021},
		location={Arizona},
    publisher={arxiv.org}
}

@Inbook{5,
    title={Three Basic Epidemiological Models},
		bookTitle="Applied Mathematical Ecology",
    author={Herbert W. Hethcote},
    year={1989},
		location={Berlin, Heidelberg},
    publisher={Springer Berlin Heidelberg},
		pages="119--144",
		volume={18}
}

@book{6,
title={On the formulation of epidemic models (an appraisal of Kermack and McKendrick)},
author={ D. Breda und O. Diekmann und W. F. de Graaf und A. Pugliese und R. Vermiglio},
journal={Journal of Biological Dynamics},
pages={103-117},
year={2012},
publisher={Taylor & Francis}
}

@book{7,
title={A contribution to the mathematical theory of epidemics},
author={William Ogilvy Kermack und A. G. McKendrick},
year="1927",
location="London",
publisher="Royal Society"
}

@book{8,
title={SAMPLE PATH LARGE DEVIATIONS FOR SIRS EPIDEMIC PROCESSES},
author={Regina G. Dolgoarshinnykh},
year={2004},
}

@book{9,
title={Chaos in a seasonally perturbed SIR model: avian influenza in a seabird colony as a paradigm},
author={Suzanne M. O´Regan und Thomas C. Kelly und Andrei Korobeinikov},
year={2013},
publisher={Springer}
}

@book{10,
title={The SIR Model for Spread of Disease - Herd Immunity},
author={David Smith und Lang Moore},
publisher={Mathematical Association of America},
year={2004}
}